<record><leader>00000cas a22000007a 4500</leader><controlfield tag="001">24487827</controlfield><controlfield tag="008">911002d19191927ncuir ne      0    0eng d</controlfield><datafield ind1=" " ind2=" " tag="010"><subfield code="a">sn 91068162 </subfield></datafield><datafield ind1=" " ind2=" " tag="040"><subfield code="a">NVJ</subfield><subfield code="b">eng</subfield><subfield code="c">NVJ</subfield><subfield code="d">OCLCQ</subfield><subfield code="d">DLC</subfield></datafield><datafield ind1=" " ind2=" " tag="042"><subfield code="a">msc</subfield></datafield><datafield ind1="0" ind2="4" tag="245"><subfield code="a">The Hendersonville news.</subfield></datafield><datafield ind1=" " ind2=" " tag="260"><subfield code="a">Hendersonville, N.C. :</subfield><subfield code="b">Noah Hollowell</subfield></datafield><datafield ind1=" " ind2=" " tag="300"><subfield code="a">v.</subfield></datafield><datafield ind1=" " ind2=" " tag="310"><subfield code="a">Triweekly,</subfield><subfield code="b">Sept. 14, 1926-&lt;1927&gt;</subfield></datafield><datafield ind1=" " ind2=" " tag="321"><subfield code="a">Weekly,</subfield><subfield code="b">Aug. 7, 1919-May 26, 1921</subfield></datafield><datafield ind1=" " ind2=" " tag="321"><subfield code="a">Semiweekly,</subfield><subfield code="b">May 31, 1921-May 30, 1922</subfield></datafield><datafield ind1=" " ind2=" " tag="321"><subfield code="a">Triweekly,</subfield><subfield code="b">June 2, 1922-Jan. 26, 1923</subfield></datafield><datafield ind1=" " ind2=" " tag="321"><subfield code="a">Weekly,</subfield><subfield code="b">Feb. 1, 1923-May 1, 1924</subfield></datafield><datafield ind1=" " ind2=" " tag="321"><subfield code="a">Semiweekly,</subfield><subfield code="b">May 7, 1924-June 10, 1925</subfield></datafield><datafield ind1=" " ind2=" " tag="321"><subfield code="a">Triweekly,</subfield><subfield code="b">June 14, 1925-Apr. 6, 1926</subfield></datafield><datafield ind1=" " ind2=" " tag="321"><subfield code="a">Daily,</subfield><subfield code="b">Apr. 11, 1926-Sept. 12, 1926</subfield></datafield><datafield ind1="0" ind2=" " tag="362"><subfield code="a">Vol. 26, no. 28 (Aug. 7, 1919)-</subfield></datafield><datafield ind1="1" ind2=" " tag="362"><subfield code="a">Ceased in 1927.</subfield></datafield><datafield ind1=" " ind2=" " tag="752"><subfield code="a">United States</subfield><subfield code="b">North Carolina</subfield><subfield code="c">Henderson</subfield><subfield code="d">Hendersonville.</subfield></datafield><datafield ind1="0" ind2="4" tag="780"><subfield code="t">French Broad hustler (Hendersonville, N.C. : 1916)</subfield><subfield code="x">2375-9070</subfield><subfield code="w">(DLC)sn 91068161</subfield><subfield code="w">(OCoLC)24487768</subfield></datafield><datafield ind1="0" ind2="4" tag="780"><subfield code="t">News of Henderson County</subfield><subfield code="w">(DLC)sn 91068157</subfield></datafield><datafield ind1="0" ind2="7" tag="785"><subfield code="t">Hendersonville times (Hendersonville, N.C. : 1924)</subfield><subfield code="w">(DLC)sn 94058220</subfield></datafield><datafield ind1="0" ind2="7" tag="785"><subfield code="t">Times-news (Hendersonville, N.C.)</subfield><subfield code="w">(DLC)sn 86063811</subfield></datafield></record>